<?xml version="1.0" encoding="UTF-8"?><collection xmlns="http://www.loc.gov/MARC21/slim"><record><leader>00351nam--2200133-i-4500</leader><controlfield tag="001">000026609</controlfield><controlfield tag="002">20161230</controlfield><controlfield tag="005">20161230201036</controlfield><controlfield tag="008">060222s1000------------r-----000-0-eng-d</controlfield><datafield ind1=" " ind2=" " tag="080"><subfield code="a">1:5(091)</subfield></datafield><datafield ind1=" " ind2=" " tag="100"><subfield code="a">Kedrov, B</subfield></datafield><datafield ind1=" " ind2=" " tag="245"><subfield code="a">La classification des sciences. 1. engels et ses predecesseurs</subfield></datafield><datafield ind1=" " ind2=" " tag="260"><subfield code="a">Moscou, Ed.Du Progres, 1977, 501p</subfield></datafield><datafield ind1=" " ind2=" " tag="852"><subfield code="a">76771</subfield></datafield></record></collection>